@article{li2021machine,
  title     = {Machine-learning scoring functions trained on complexes dissimilar to the test set already outperform classical counterparts on a blind benchmark},
  author    = {Li, Hongjian and Lu, Gang and Sze, Kam-Heung and Su, Xianwei and Chan, Wai-Yee and Leung, Kwong-Sak},
  journal   = {Briefings in bioinformatics},
  volume    = {22},
  number    = {6},
  pages     = {bbab225},
  year      = {2021},
  publisher = {Oxford University Press}
}

@article{yang2020predicting,
  title     = {Predicting or pretending: artificial intelligence for protein-ligand interactions lack of sufficiently large and unbiased datasets},
  author    = {Yang, Jincai and Shen, Cheng and Huang, Niu},
  journal   = {Frontiers in pharmacology},
  volume    = {11},
  pages     = {69},
  year      = {2020},
  publisher = {Frontiers Media SA}
}

@article{da2025data,
  title  = {Data-centric training enables meaningful interaction learning in protein--ligand binding affinity prediction},
  author = {da Silva, Matheus and Vidal, Lincon and Guedes, Isabella and de Magalh{\~a}es, Camila and Cust{\'o}dio, F{\'a}bio and Dardenne, Laurent},
  year   = {2025}
}

@article{özçelik2025generative,
  title     = {Generative deep learning for de novo drug design--a chemical space odyssey},
  author    = {Özçelik, R{\i}za and Brinkmann, Helena and Criscuolo, Emanuele and Grisoni, Francesca},
  journal   = {Journal of Chemical Information and Modeling},
  volume    = {65},
  number    = {14},
  pages     = {7352--7372},
  year      = {2025},
  publisher = {ACS Publications}
}

@article{jayatunga2024successful,
  title     = {How successful are AI-discovered drugs in clinical trials? A first analysis and emerging lessons},
  author    = {Jayatunga, Madura KP and Ayers, Margaret and Bruens, Lotte and Jayanth, Dhruv and Meier, Christoph},
  journal   = {Drug discovery today},
  volume    = {29},
  number    = {6},
  pages     = {104009},
  year      = {2024},
  publisher = {Elsevier}
}



@article{zhu2022assessment,
  title     = {Assessment of the generalization abilities of machine-learning scoring functions for structure-based virtual screening},
  author    = {Zhu, Hui and Yang, Jincai and Huang, Niu},
  journal   = {Journal of chemical information and modeling},
  volume    = {62},
  number    = {22},
  pages     = {5485--5502},
  year      = {2022},
  publisher = {ACS Publications}
}


@article{angelo2023multi,
  title     = {Multi-and many-objective optimization: present and future in de novo drug design},
  author    = {Angelo, Jaqueline S and Guedes, Isabella A and Barbosa, Helio JC and Dardenne, Laurent E},
  journal   = {Frontiers in Chemistry},
  volume    = {11},
  pages     = {1288626},
  year      = {2023},
  publisher = {Frontiers Media SA}
}


@article{dadocktgrid,
  title  = {DockTGrid: A Python Package for Generating Deep Learning-Ready Voxel Grids of Molecular Complexes},
  author = {da Silva, Matheus M{\"u}ller Pereira and Guedes, Isabella Alvim and Lima, F{\'a}bio}
}

@inproceedings{jin2020hierarchical,
  title        = {Hierarchical generation of molecular graphs using structural motifs},
  author       = {Jin, Wengong and Barzilay, Regina and Jaakkola, Tommi},
  booktitle    = {International conference on machine learning},
  pages        = {4839--4848},
  year         = {2020},
  organization = {PMLR}
}

@inproceedings{da2024generative,
  title     = {A Generative Evolutionary Many-Objective Framework: A Case Study in Antimicrobial Agent Design},
  author    = {Da Silva, Matheus Muller Pereira and Angelo, Jaqueline Silva and Guedes, Isabella Alvim and Dardenne, Laurent Emmanuel},
  booktitle = {Proceedings of the Genetic and Evolutionary Computation Conference Companion},
  pages     = {1623--1630},
  year      = {2024}
}
